<?xml version="1.0" encoding="UTF-8"?><collection xmlns="http://www.loc.gov/MARC21/slim"><record><leader>00418nam--2200169-i-4500</leader><controlfield tag="001">000004578</controlfield><controlfield tag="002">20161230</controlfield><controlfield tag="005">20170114171250</controlfield><controlfield tag="008">060222s1000------------r-----000-0-eng-d</controlfield><datafield ind1=" " ind2=" " tag="100"><subfield code="a">Cahen, Gilbert</subfield></datafield><datafield ind1=" " ind2=" " tag="245"><subfield code="a">Precis d energie nucleaire</subfield></datafield><datafield ind1=" " ind2=" " tag="250"><subfield code="a">deuxieme edition</subfield></datafield><datafield ind1=" " ind2=" " tag="260"><subfield code="a">Paris</subfield><subfield code="b">Dunod</subfield><subfield code="c">1958</subfield></datafield><datafield ind1=" " ind2=" " tag="300"><subfield code="a">XXIII + 356 p.Cu Figuri</subfield></datafield><datafield ind1=" " ind2=" " tag="700"><subfield code="a">Treille, P</subfield></datafield><datafield ind1=" " ind2=" " tag="852"><subfield code="a">13945</subfield></datafield><datafield ind1=" " ind2=" " tag="CAT"><subfield code="a">SYS</subfield><subfield code="c">20170114</subfield><subfield code="h">171250</subfield></datafield></record></collection>